@Book{kikuchi88:contact-elast,
author = {Ito, Kazufumi and Kunisch, Karl},
title = {Lagrange Multiplier Approach to Variational Problems and Applications},
publisher = {Society for Industrial and Applied Mathematics},
year = {2008},
doi = {10.1137/1.9780898718614},
address = {},
edition   = {},
URL = {https://epubs.siam.org/doi/abs/10.1137/1.9780898718614},
eprint = {https://epubs.siam.org/doi/pdf/10.1137/1.9780898718614}
}

@Book{brezzi91:mixed-hybrid,
  author =	 {Franco Brezzi and Michel Fortin},
  title =	 {Mixed and Hybrid finite element methods},
  publisher =	 {Springer-Verlag},
  year =	 1991,
  volume =	 15,
  series =	 {Springer series in computational mathematics}
}

@Book{verfurth96,
  author =	 {R\"udiger Verf\"urth},
  title =	 {A review of a posteriori error estimation and
                  adaptive mesh-refinement techniques},
  publisher =	 {Wiley-Teubner},
  year =	 1996,
  series =	 {Advances in numerical mathematics}
}

@Book{ainsworth00,
  author =	 {Mark Ainsworth and J. Tinsley Oden},
  title =	 {A posteriori error estimation in finite element
                  analysis},
  publisher =	 {John Wiley \& Sons},
  year =	 2000,
  series =	 {Pure and applied mathematics}
}

@Book{kikuchi88:contac-elast,
  author =	 {N. Kikuchi and J. Tinsley Oden},
  title =	 {Contact problems in Elasticity: A study of
                  variational inequalities and finite element methods},
  publisher =	 {SIAM},
  year =	 1988,
  series =	 {SIAM studies in applied mathematics},
  address =	 {Philadelphia}
}

@Book{eriksson96:computDiffEq,
  author =	 {Kenneth Eriksson and Don Estep and Peter Hansbo and
                  Claes Johnson},
  title =	 {Computational differential equations},
  publisher =	 {Cambridge university press},
  year =	 1996
}

@Book{wohlmuth01:Mortar,
  author =	 {Barbara I. Wohlmuth},
  title = 	 {Discretization Methods and Iterative Solvers Based on Domain Decomposition},
  publisher = 	 {Springer-Verlag Berlin Heidelberg},
  year = 	 2001
}

@Book{hughes87,
  author =	 {Thomas J. R. Hughes},
  title =	 {The finite element method},
  publisher =	 {Prentice-Hall},
  year =	 1987
}

@Book{bathe76:finite-element-anal,
  author =	 {Klaus-J\"{u}rgen Bathe and Eward L. Wilson},
  title = 	 {Numerical Methods in Finite Element Analysis},
  publisher = 	 {Prentice-Hall},
  year = 	 1976
}

@Book{zienkiewicz2000:finit-elemen-method,
  author =	 {Oleg C. Zienkiewicz and Robert L. Taylor},
  title =	 {The Finite Element Method},
  publisher =	 {Butterworth-Heinemann},
  year =	 2000,
  edition =	 {Fifth}
}


@Book{knupp94:fundam-grid-gener,
  author =	 {Patric Knupp and Stanly Steinberg},
  title =	 {Fundamentals of Grid Generation},
  publisher =	 {CRC Press},
  year =	 1994
}
@book{Glowinski1984:NonlinearVariational,
  author         = {Roland Glowinski},
  publisher      = {Springer Verlag},
  title          = {Numerical Methods for Nonlinear Variational problems},
  year           = {1984},
  series         = {Springer Series in Computational Physics}
}

