@Article{simon2000:_thick_lancz,
  author =	 {Horst Simon and Kesheng Wu},
  title =	 {Thick-restart {Lanczos} method for large symmetric
                  eigenvalue problems},
  journal =	 {Siam J. Matrix Anal. Appl.},
  year =	 2000,
  key =		 {thick-restart, Lanczos eigenvalue method, partial
                  reorthogonalization},
  volume =	 22,
  number =	 2,
  pages =	 {602--616}
}

