@String{pub-SIAM = "Society for Industrial and Applied Mathematics"}
@String{pub-SIAM:adr = "Philadelphia, PA, USA"}

@BOOK(apostol1969:calcul,
  author =	 "Tom M. Apostol",
  title = 	 "Calculus",
  publisher = 	 "Wiley International Edition",
  year = 	 1969,
  volume =	 2,
  edition =	 "{S}econd"
)


@BOOK{lehoucq98:ArpackGuide,
  author =	 {R. B. Lehoucq and D. C. Sorensen and C. Yang},
  title =	 {{ARPACK} Users' Guide: Solution of Large Scale
                  Eigenvalue Problems by Implicitly Restarted {A}rnoldi
                  Methods},
  publisher =	 {SIAM},
  year =	 1998,
  series =	 {Software, Environments, and Tools}
}

@Book{GolubVanLoan89:MatrixComp,
  author =	 {Gene H. Golub and Charles F. {Van~Loan}},
  title =	 {Matrix computations},
  publisher =	 {The John Hopkins University Press},
  year =	 1989,
  series =	 {John Hopkins Series in the Mathematical Sciences},
  address =	 {Baltimore and London},
  edition =	 {Second}
}
@book{GolubVanLoan96:MatrixComp3,
  author =	 {Gene H. Golub and Charles F. {Van~Loan}},
  title =	 {Matrix computations},
  year =	 {1996},
  edition =	 {third},
  isbn =	 {0-8018-5414-8},
  publisher =	 {Johns Hopkins University Press},
}

@Book{Anderson:1999:LUG,
  author =	 {E. Anderson and Z. Bai and C. Bischof and
                  S. Blackford and J. Demmel and J. Dongarra and J. Du
                  Croz and A. Greenbaum and S. Hammarling and
                  A. McKenney and D. Sorensen},
  title =	 {{LAPACK} Users' Guide},
  publisher =	 pub-SIAM,
  address =	 pub-SIAM:adr,
  edition =	 {Third},
  pages =	 {xxi + 407},
  year =	 1999,
  ISBN =	 {0-89871-447-8},
  LCCN =	 {QA76.73.F25 L36 1999},
}

@Book{stewart98:MatrixAlgorI,
  author =	 {Gilbert W. Stewart},
  title = 	 {Matrix Algorithms {I}: Basic Decompositions},
  publisher = 	 {{SIAM}},
  year = 	 1998,
  address =	 {Philadelphia, PA},
  note =	 {ISBN 0-89871-414-1}
}

@book{stewart01:MatrixAlgorII,
  author =	 {G. W. Stewart},
  title =	 {Matrix Algorithms {II}: Eigensystems},
  publisher =	 {{SIAM}},
  year =	 2001,
  address =	 {Philadelphia, PA},
  note =	 {ISBN 0-89871-503-2},
}

@MANUAL{SESAM:URL,
 title = "SESAM Product family",
 note = "\url{http://www.dnvsoftware.com}"
}

@InCollection{ciarlet91:basic-ellip,
  author =	 {Philippe G. Ciarlet},
  title =	 {Basic error estimates for {E}lliptic problems},
  booktitle =	 {Handbook of numerical analysis},
  pages =	 {18--351},
  publisher =	 {{N}orth-{H}olland},
  year =	 1991,
  editor =	 {Philippe G. Ciarlet and Jacques Louis Lions},
  volume =	 2,
  type =	 {Part}
}

@Book{brenner94:mathFem,
  author =	 {Susanne C. Brenner and L. Ridgway Scott},
  title = 	 {The mathematical theory of finite element methods},
  publisher = 	 {{S}pringer-{V}erlag},
  year = 	 1994,
  volume =	 15,
  series =	 {Texts in Applied Mathematics}
}

@Manual{sestr-sesam-user-manual,
  title =	 {{SESAM User Manual}, {SESTRA}},
  organization = {DNV Software},
  address =	 {N-1322, Veritasveien 1, H\o vik},
  year =	 2006,
}



@Manual{87:ellib,
  title =	 {Finite Element Library(ELLIB)},
  key =		 {ellib},
  organization = {DNV Software},
  address =	 {N-1322, Veritasveien 1, H\o vik},
  year =	 1987
}

@Book{Anderson99:lapac-guide,
  author =	 {E. Anderson Et Al.},
  title =	 {LAPACK Users' Guide},
  publisher =	 {{SIAM}},
  year =	 1999,
  edition =	 {Third}
}

@Book{frey00:mesh-gener,
  author =	 {Pascal Jean Frey and Paul--Louis George},
  title =	 {Mesh Generation, application to finite elements},
  publisher =	 {Hermes Science Publishing},
  year =	 2000
}

@Book{Hughes:FEM2000,
  author =	 {Thomas J. R. Hughes},
  title =	 {The finite element method: linear static and dynamic
                  finite element analysis},
  publisher =	 {Dover publications, Inc.},
  year =	 2000,
  address =	 {Mineaola, New York}
}

